@article{szeliski2010high,
  title={High-quality multi-pass image resampling},
  author={Szeliski, Richard and Winder, Simon and Uyttendaele, Matt},
  journal={Microsoft Research, Redmond, WA, Tech. Rep. MSR-TR-2010-10},
  year={2010}
}
@inproceedings{williams1983pyramidal,
  title={Pyramidal parametrics},
  author={Williams, Lance},
  booktitle={ACM Siggraph Computer Graphics},
  volume={17},
  number={3},
  pages={1--11},
  year={1983},
  organization={ACM}
}
@article{morel2011sift,
  title={Is SIFT scale invariant?},
  author={Morel, J and Yu, Guoshen},
  journal={Inverse Problems and Imaging},
  volume={5},
  number={1},
  pages={115--136},
  year={2011}
}
@book{akenine2008real,
  title={Real-time rendering},
  author={Akenine-M{\"o}ller, Tomas and Haines, Eric and Hoffman, Naty},
  year={2008},
  publisher={CRC Press}
}
@article{unser1995convolution,
  title={Convolution-based interpolation for fast, high-quality rotation of images},
  author={Unser, Michael and Thevenaz, Philippe and Yaroslavsky, Leonid},
  journal={Image Processing, IEEE Transactions on},
  volume={4},
  number={10},
  pages={1371--1381},
  year={1995},
  publisher={IEEE}
}
